@online{wirelessai-codes,
	author = {},
	title = {{WirelessAI}'s Solution to {PS-004}},
	howpublished = {\url{https://github.com/ITU-AI-ML-in-5G-Challenge/ITU-ML5G-PS-004-spatial-reuse-team-WirelessAI}},
	urldate = {2022-02-01}
}