https://github.com/ITU-AI-ML-in-5G-Challenge/ITU-ML5G-PS-004_Federated_Learning_team_FederarationS

@dataset{gitHub_federationF,
  author = {Jernej Hribar and Andrea Bonfante},
  title = {{FederationS: Federated Learning for Spatial Reuse in a multi-BSS (Basic Service Set)scenario}},
  month = {Nov},
  year  = {2021},
  publisher = {GitHub},
  doi = {10.5281/zenodo.5506248},
  url  = {https://github.com/ITU-AI-ML-in-5G-Challenge/ITU-ML5G-PS-004_Federated_Learning_team_FederarationS}}

@dataset{francesc_wilhelmi_2021_5506248,
  author = {Francesc Wilhelmi},
  title = {{ITU AI/ML Challenge 2021 Dataset IEEE 802.11ax Spatial Reuse}},
  month = Sep,
  year  = 2021,
  publisher = {Zenodo},
  version = {v1.0},
  doi = {10.5281/zenodo.5506248},
  url  = {https://doi.org/10.5281/zenodo.5506248}}

@INPROCEEDINGS{8931315,
  author={Wilhelmi, Francesc and Barrachina-Muñoz, Sergio and Bellalta, Boris},
  booktitle={2019 IEEE Conference on Standards for Communications and Networking (CSCN)}, 
  title={On the Performance of the Spatial Reuse Operation in {IEEE} {802.11ax} {WLANs}}, 
  year={2019},
  volume={},
  number={},
  pages={1-6},
  doi={10.1109/CSCN.2019.8931315}}
  
@INPROCEEDINGS{8580778,
  author={Selinis, Ioannis and Katsaros, Konstantinos and Vahid, Seiamak and Tafazolli, Rahim},
  booktitle={2018 IEEE 29th Annual International Symposium on Personal, Indoor and Mobile Radio Communications (PIMRC)}, 
  title={Control {OBSS/PD} Sensitivity Threshold for {IEEE} {802.11ax} {BSS} Color}, 
  year={2018},
  volume={},
  number={},
  pages={1-7},
  doi={10.1109/PIMRC.2018.8580778}}

@ARTICLE{1811.12397,
  author    = {Sergio Barrachina{-}Mu{\~{n}}oz and Francesc Wilhelmi and Ioannis Selinis and Boris Bellalta},
  title     = {Komondor: a Wireless Network Simulator for Next-Generation High-Density WLANs},
  journal   = {arXiv e-prints},
  volume    = {abs/1811.12397},
  year      = {2018},}

@ARTICLE{1907.04141,
    author    = {Francesc Wilhelmi and Sergio Barrachina{-}Mu{\~{n}}oz and Cristina Cano and Ioannis Selinis and Boris Bellalta},
    title     = {Spatial Reuse in {IEEE} 802.11ax WLANs},
    journal   = {arXiv e-prints},
    volume    = {abs/1907.04141},
    year      = {2019},}   

@ARTICLE{5128907,
	author={H. {He} and E. A. {Garcia}},
	journal={IEEE Transactions on Knowledge and Data Engineering},
	title={Learning from Imbalanced Data},
	year={2009},
	volume={21},
	number={9},
	pages={1263-1284},
	doi={10.1109/TKDE.2008.239},
	ISSN={2326-3865},
	month={Sep.},}

@ARTICLE{5128907,
	author={H. {He} and E. A. {Garcia}},
	journal={IEEE Transactions on Knowledge and Data Engineering},
	title={Learning from Imbalanced Data},
	year={2009},
	volume={21},
	number={9},
	pages={1263-1284},
	doi={10.1109/TKDE.2008.239},
	ISSN={2326-3865},
	month={Sep.},}

@ARTICLE{2018arXiv180308375A,
	author = {{Agarap}, Abien Fred},
	title = "{Deep Learning using Rectified Linear Units (ReLU)}",
	journal = {arXiv e-prints},
	keywords = {Computer Science - Neural and Evolutionary Computing, Computer Science - Computer Vision and Pattern Recognition, Computer Science - Machine Learning, Statistics - Machine Learning},
	year = "2018",
	month = "Mar",
	eid = {arXiv:1803.08375},
	pages = {arXiv:1803.08375},
	archivePrefix = {arXiv},
	eprint = {1803.08375},
	primaryClass = {cs.NE},
	adsurl = {https://ui.adsabs.harvard.edu/abs/2018arXiv180308375A},
	adsnote = {Provided by the SAO/NASA Astrophysics Data System}
}


@ARTICLE{2014arXiv1412.6980K,
	author = {{Kingma}, Diederik P. and {Ba}, Jimmy},
	title = "{Adam: A Method for Stochastic Optimization}",
	journal = {arXiv e-prints},
	keywords = {Computer Science - Machine Learning},
	year = "2014",
	month = "Dec",
	eid = {arXiv:1412.6980},
	pages = {arXiv:1412.6980},
	archivePrefix = {arXiv},
	eprint = {1412.6980},
	primaryClass = {cs.LG},
	adsurl = {https://ui.adsabs.harvard.edu/abs/2014arXiv1412.6980K},
	adsnote = {Provided by the SAO/NASA Astrophysics Data System}
}

@inproceedings{45648,
    title	= {Federated Learning: Strategies for Improving Communication Efficiency},
    author	= {Jakub Konečný and H. Brendan McMahan and Felix X. Yu and Peter Richtarik and Ananda Theertha Suresh and Dave Bacon},
    year	= {2016},
    URL	= {https://arxiv.org/abs/1610.05492},
    booktitle	= {NIPS Workshop on Private Multi-Party Machine Learning}
}


@inproceedings{read2009classifier,
	title={Classifier chains for multi-label classification},
	author={Read, Jesse and Pfahringer, Bernhard and Holmes, Geoff and Frank, Eibe},
	booktitle={Joint European Conference on Machine Learning and Knowledge Discovery in Databases},
	pages={254--269},
	year={2009},
	organization={Springer}
}

@inproceedings{He_2015_ICCV,
	author = {He, Kaiming and Zhang, Xiangyu and Ren, Shaoqing and Sun, Jian},
	title = {Delving Deep into Rectifiers: Surpassing Human-Level Performance on ImageNet Classification},
	booktitle = {The IEEE International Conference on Computer Vision (ICCV)},
	month = {Dec.},
	year = {2015}
}

@inproceedings{BottouSGD,
	author={Bottou, L{\'e}on},
	editor={Lechevallier, Yves
	and Saporta, Gilbert},
	title={Large-Scale Machine Learning with Stochastic Gradient Descent},
	booktitle={Proceedings of COMPSTAT'2010},
	year={2010},
	publisher={Physica-Verlag HD},
	address={Heidelberg},
	pages={177--186},
	isbn={978-3-7908-2604-3}
}

@book{goodfellow2016deep,
	added-at = {2018-05-24T10:55:45.000+0200},
	author = {Goodfellow, I. and Bengio, Y. and Courville, A.},
	biburl = {https://www.bibsonomy.org/bibtex/2975fe325479fc52c9e4424bb15f54bc4/tobias.koopmann},
	description = {Deep Learning - Ian Goodfellow, Yoshua Bengio, Aaron Courville - Google Books},
	interhash = {62814dec510d5c55b0b38ad85a6c748d},
	intrahash = {975fe325479fc52c9e4424bb15f54bc4},
	isbn = {9780262035613},
	keywords = {deeplearning ma machinelearning},
	lccn = {2016022992},
	publisher = {MIT Press},
	series = {Adaptive computation and machine learning},
	timestamp = {2018-05-24T10:55:45.000+0200},
	title = {Deep Learning},
	url = {https://books.google.co.in/books?id=Np9SDQAAQBAJ},
	year = 2016
}

@book{Bishop:2006,
    author = {Bishop, Christopher M.},
    title = {Pattern Recognition and Machine Learning},
    isbn = {978-0387-31073-2},
    publisher = {Springer},
    address = {Berlin, Heidelberg},
    year = {2006},
}

% Citations Jernej added:

@article{konevcny2016federated,
  title={{Federated learning: Strategies for improving communication efficiency}},
  author={Kone{\v{c}}n{\`y}, Jakub and McMahan, H Brendan and Yu, Felix X and Richt{\'a}rik, Peter and Suresh, Ananda Theertha and Bacon, Dave},
  journal={arXiv preprint arXiv:1610.05492},
  year={2016}
}

@misc{federated_repo,
  author = {{The TensorFlow Federated Authors}},
  title = {TensorFlow Federated},
  year = {2018},
  publisher = {GitHub},
  journal = {GitHub repository},
  howpublished = {GitHub repository: \url{https://github.com/tensorflow/federated"}},
}
