@inproceedings{akiba2019optuna,
  title={Optuna: A next-generation hyperparameter optimization framework},
  author={Akiba, Takuya and Sano, Shotaro and Yanase, Toshihiko and Ohta, Takeru and Koyama, Masanori},
  booktitle={Proceedings of the 25th ACM SIGKDD international conference on knowledge discovery \& data mining},
  pages={2623--2631},
  year={2019}
}
@article{zhang2021survey,
  title={A survey on multi-task learning},
  author={Zhang, Yu and Yang, Qiang},
  journal={IEEE Transactions on Knowledge and Data Engineering},
  year={2021},
  publisher={IEEE}
}

@article{paszke2017automatic,
  title={Automatic differentiation in pytorch},
  author={Paszke, Adam and Gross, Sam and Chintala, Soumith and Chanan, Gregory and Yang, Edward and DeVito, Zachary and Lin, Zeming and Desmaison, Alban and Antiga, Luca and Lerer, Adam},
  year={2017}
}


@ARTICLE{11ax,
  author={},
  journal={IEEE Std 802.11ax-2021 (Amendment to IEEE Std 802.11-2020)}, 
  title={IEEE Standard for Information Technology--Telecommunications and Information Exchange between Systems Local and Metropolitan Area Networks--Specific Requirements Part 11: Wireless LAN Medium Access Control (MAC) and Physical Layer (PHY) Specifications Amendment 1: Enhancements for High-Efficiency WLAN}, 
  year={2021},
  volume={},
  number={},
  pages={1-767}}

%%%%%%%%%%%%%%%%%%%%%%%% FL fundamentals %%%%%%%%%%%%%%%%%
@InProceedings{FL1,
  title = 	 {{Communication-Efficient Learning of Deep Networks from Decentralized Data}},
  author = 	 {Brendan McMahan and Eider Moore and Daniel Ramage and Seth Hampson and Blaise Aguera y Arcas},
  booktitle = 	 {Proceedings of the 20th International Conference on Artificial Intelligence and Statistics},
  pages = 	 {1273--1282},
  year = 	 {2017},
  volume = 	 {54},
  series = 	 {Proceedings of Machine Learning Research},
  address = 	 {Fort Lauderdale, FL, USA},
  month = 	 {Apr},
  publisher = 	 {PMLR}
}


%%%%%%%%%%%% FL applications
@article{FL.keyboard1,
  author    = {Andrew Hard and
               Kanishka Rao and
               Rajiv Mathews and
               Fran{\c{c}}oise Beaufays and
               Sean Augenstein and
               Hubert Eichner and
               Chlo{\'{e}} Kiddon and
               Daniel Ramage},
  title     = {Federated Learning for Mobile Keyboard Prediction},
  journal   = {CoRR},
  volume    = {abs/1811.03604},
  year      = {2018}
}

@article{FL.keyboard2,
  author    = {Swaroop Ramaswamy and
               Rajiv Mathews and
               Kanishka Rao and
               Fran{\c{c}}oise Beaufays},
  title     = {Federated Learning for Emoji Prediction in a Mobile Keyboard},
  journal   = {CoRR},
  volume    = {abs/1906.04329},
  year      = {2019}
}




@InProceedings{FL.health1,
author="Li, Wenqi
and Milletar{\`i}, Fausto
and Xu, Daguang
and Rieke, Nicola
and Hancox, Jonny
and Zhu, Wentao
and Baust, Maximilian
and Cheng, Yan
and Ourselin, S{\'e}bastien
and Cardoso, M. Jorge
and Feng, Andrew",
title="Privacy-Preserving Federated Brain Tumour Segmentation",
booktitle="Machine Learning in Medical Imaging",
year="2019",
publisher="Springer International Publishing",
address="Cham",
pages="133--141",
}

@article{FL.health2,
      title={The Future of Digital Health with Federated Learning}, 
      author={Nicola Rieke and Jonny Hancox and Wenqi Li and Fausto Milletari and Holger Roth and Shadi Albarqouni and Spyridon Bakas and Mathieu N. Galtier and Bennett Landman and Klaus Maier-Hein and Sebastien Ourselin and Micah Sheller and Ronald M. Summers and Andrew Trask and Daguang Xu and Maximilian Baust and M. Jorge Cardoso},
      journal   = {CoRR},
      volume    = {abs/2003.08119},
      year      = {2020}
}

%SR
@misc{rodrigues2020latency,
      title={On the Latency of IEEE 802.11ax WLANs with Parameterized Spatial Reuse}, 
      author={Eloise de Carvalho Rodrigues and Adrian Garcia-Rodriguez and Lorenzo Galati Giordano and Giovanni Geraci},
      year={2020},
      eprint={2008.07482},
      archivePrefix={arXiv},
      primaryClass={cs.NI}
}

@misc{wilhelmi2019performance,
      title={On the Performance of the Spatial Reuse Operation in IEEE 802.11ax WLANs}, 
      author={Francesc Wilhelmi and Sergio Barrachina-Muñoz and Boris Bellalta},
      year={2019},
      eprint={1906.08063},
      archivePrefix={arXiv},
      primaryClass={cs.NI}
}

@misc{wilhelmi2021spatial,
      title={Spatial Reuse in IEEE 802.11ax WLANs}, 
      author={Francesc Wilhelmi and Sergio Barrachina Muñoz and Cristina Cano and Ioannis Selinis and Boris Bellalta},
      year={2021},
      eprint={1907.04141},
      archivePrefix={arXiv},
      primaryClass={cs.NI}
}
